1950 3726
165 242 532 311 Anrcrronrrs
571 242 710 311 Vtra.
743 237 854 308 xxxix.

65 351 199 431 dignum,
211 367 258 411 aut
274 353 414 431 Juventuti
428 348 560 427 erronica
570 350 744 412 damnosum.
788 352 850 407 Nec

63 444 158 489 tamen
171 428 284 498 desunt,
304 432 352 507 qui
373 434 404 489 in
427 437 545 491 Vaticano
566 434 624 489 MS.
644 446 737 489 extrre
756 428 856 485 dicant·

66 527 218 587 nonpauea
231 511 329 576 ,omni
350 511 468 585 nequitia
485 510 601 581 referta3
625 526 683 585 quae
701 527 755 585 ego
771 514 849 563 Aeto·

66 589 177 644 eruotia
189 586 267 646 facile
290 589 474 654 eoncell'erim,
492 594 661 645 Anacreontis
673 587 734 651 else,
745 586 770 643 id
785 605 848 661 per·

66 667 192 727 rinactrer
209 666 411 742 pernegandum
428 665 513 725 sentio
523 691 532 733 ς
556 667 630 743 quod
647 672 673 724 &
693 663 769 740 stylo
784 664 844 739 ipso

70 746 99 801 bt
112 743 265 803 Carminir.
279 758 361 817 utque
376 747 493 803 Materiae
508 743 659 803 diverfitate
677 742 784 819 probari
796 762 846 819 po-

72 818 133 877 test.
170 820 198 877 ln
216 822 266 881 hcc
280 820 373 879 saltem
389 826 525 889 Editione,
539 824 631 881 omnia
654 820 788 897 jucunda,
815 824 846 879 δι

71 896 211 975 elegantia.
225 898 311 958 Multa
324 914 398 958 certe
417 904 528 960 Gravia.
545 901 653 959 honesta
671 903 699 959 &
714 900 784 955 Vitae
796 894 846 956 hu·

70 992 151 1032 marrae
171 976 317 1035 ultililstma
331 980 445 1052 reperiet
465 980 573 1045 Lestor,
596 998 652 1037 non
662 975 769 1053 prorsus
781 974 848 1029 ore·

69 1044 203 1127 ppido&
240 1056 339 1113 Versus
359 1075 454 1113 omnes
477 1057 595 1115 hilariori
617 1056 700 1111 Vultu
715 1052 844 1119 arrident,

69 1132 152 1189 Voces
168 1134 255 1200 callen
281 1134 376 1192 Sensus
396 1135 509 1193 interior
530 1132 642 1192 bloralis
667 1130 844 1205 Philosophiae

68 1208 173 1282 plenus;
189 1212 259 1269 uude
271 1211 383 1270 summo
397 1212 473 1271 ilium
500 1213 562 1288 jure
577 1220 702 1269 Socrates,
726 1208 772 1286 qui
785 1208 843 1283 ipse

66 1282 146 1361 airh&
166 1282 286 1344 ἰώπων
305 1282 467 1363 tripolim&u
491 1311 523 1350 ex
551 1294 568 1325 *
594 1288 712 1347 Oraeulo
730 1288 839 1365 agnitus

66 1356 163 1429 ‘ritui
178 1365 251 1435 πφόι
276 1370 434 1443 Emphatite
454 1388 550 1429 vocare
567 1388 623 1426 non
642 1368 784 1425 dubitavit,
803 1378 837 1423 ot

65 1445 348 1522 moxnarrabimus,§.
364 1467 428 1505 xxv.
448 1450 480 1505 ln
502 1447 584 1505 risum
608 1445 726 1503 solvetur
751 1444 837 1498 Criti-

64 1536 107 1577 tus
117 1522 206 1579 infimi
220 1523 339 1589 subsellii,
353 1525 463 1603 quando
475 1528 643 1581 Anacreontis
660 1522 835 1579 sobrietatem

63 1598 193 1661 audiverit
216 1621 263 1663 me.
279 1603 482 1660 defendentem,
499 1608 526 1659 δε
546 1604 574 1657 in
590 1606 752 1657 memoriam
767 1598 846 1655 mihi

61 1674 151 1733 statim
169 1678 317 1741 revocabit,
333 1681 407 1751 quod
420 1679 475 1750 ipse
496 1676 583 1749 supra,
596 1678 628 1730 ad
650 1678 674 1747 §.
689 1695 717 1731 v.
728 1692 760 1730 err
775 1680 842 1729 Ma·

58 1756 133 1810 ocimo
153 1757 227 1831 Tyrio
250 1754 401 1817 attulerim3
424 1752 566 1828 quomodo
584 1750 724 1823 aliquando
745 1748 840 1805 Ebrius

57 1830 84 1885 in
104 1827 221 1885 Cleobuli
233 1831 367 1887 nutricem
389 1829 541 1905 impegerit.
580 1830 616 1884 At
635 1845 698 1904 ege,
722 1838 841 1882 Anacre-

58 1922 145 1963 ontem
157 1925 215 1965 trun
235 1926 299 1966 uam
316 1906 422 1964 ebrium
441 1905 538 1972 fuisset¹
554 1902 686 1981 nusquam
708 1904 835 1971 affirmo;

63 1982 194 2059 Ebriosttm
213 1926 299 2052 soille,
312 1985 337 2042 id
350 1986 431 2062 dego,
453 1983 606 2061 multosque
616 2002 724 2041 mecum
739 2002 841 2061 negan-

62 2076 101 2121 tea
115 2062 211 2124 habeo.
250 2064 319 2138 Quis
334 2063 418 2123 nescit
429 2060 609 2121 differentiam
623 2065 692 2121 inter
705 2068 840 2119 Peccatum

65 2142 92 2197 lit
104 2144 210 2208 litium.
221 2142 290 2201 inter
305 2146 404 2201 Assum
419 2146 447 2203 δι
461 2140 608 2198 Habitum?
627 2153 765 2197 uerrarcreon
776 2141 836 2217 qui·

62 2216 121 2275 dem
135 2238 170 2279 eo
186 2232 311 2298 tempore
334 2220 409 2281 valde
425 2221 537 2299 Juvenis
559 2232 627 2279 erat.
652 2218 680 2274 &
698 2222 725 2276 in
738 2218 835 2278 festivo

64 2300 176 2373 Neptuni
191 2299 280 2375 epulo,
297 2300 325 2357 in
342 2302 469 2359 Panionio,
491 2296 545 2356 hoc
566 2297 604 2355 eil
619 2295 776 2355 solennitate
789 2316 841 2372 pu·

67 2370 132 2433 blica
154 2378 281 2435 omnium
300 2380 370 2435 looie
394 2375 563 2442 Civitatum
593 2373 707 2452 agebat,
728 2374 839 2450 quando

64 2449 146 2512 solent
164 2453 289 2514 homines
303 2456 446 2517 Coronam,
464 2459 493 2514 bt
506 2453 613 2511 liberios
633 2453 723 2511 Genio
737 2450 786 2511 suo
796 2454 838 2509 in.-

62 2528 179 2609 dulgere·
219 2535 295 2606 Quin
317 2550 371 2591 vox
384 2532 440 2609 ipsa
452 2527 570 2595 Medico,
589 2528 661 2605 quast
676 2529 716 2601 pff)
732 2522 841 2582 tibrim

67 2607 119 2665 dici
133 2612 255 2675 ridetur,
273 2611 348 2687 quod
369 2614 480 2668 Veteres
500 2610 527 2665 iu
547 2609 670 2665 Deorum
697 2604 844 2675 sacrifieiis,

64 2683 118 2759 {reip
135 2682 164 2743 ὠ
184 2678 252 2743 larci
267 2683 372 2766 Junrlp.
387 2686 554 2745 hilarioribus
572 2684 598 2742 se
613 2697 710 2741 mutuo
729 2684 839 2760 poculis

60 2764 217 2825 invitarent.-
238 2766 329 2844 dequa
339 2786 366 2824 re
379 2764 464 2824 multa
478 2764 544 2823 scitu
559 2782 615 2822 non
625 2762 732 2841 indigna
741 2763 840 2823 Hoelz·

61 2841 127 2900 linter
147 2847 174 2903 in
194 2844 323 2921 ,Apollonii
342 2845 436 2904 Rhodii
455 2847 604 2921 Argonaut.
622 2841 640 2898 l.
664 2860 689 2897 r.
709 2860 736 2899 v.
756 2855 838 2918 ιιςο.ι

64 2920 249 2981 Nihilominus
264 2927 429 2982 Anacreontis
444 2922 526 2981 nostri
541 2920 691 2979 sobrietatis
710 2920 841 2980 restiterit

61 2998 139 3057 nobis
154 3020 210 3058 non
226 3001 308 3059 futilia
328 3001 474 3067 Arbernus,
492 3000 619 3078 quicum
640 2998 756 3072 plurima
771 2997 840 3056 illius

59 3072 188 3139 hilariora
203 3076 337 3139 Carmina
353 3080 446 3159 palsrm
468 3092 613 3146 memoret,
629 3077 785 3135 Proditorem
800 3088 842 3135 ta·-

56 3182 828 3215 Ἣ

94 3257 119 3301 ¹⁶
135 3258 229 3322 surdo
249 3284 275 3325 r.
288 3260 369 3337 πφὸς.
405 3266 471 3327 vit.
493 3266 621 3348 Euripidis
647 3266 714 3328 Vita
729 3264 826 3345 §alx-

502 3347 524 3411 d
545 3366 563 3415 2
792 3360 871 3405 m·
