1950 3726
157 202 229 276 exii
289 200 638 269 Anscnsonrrs
680 205 832 272 Vsrn.

151 320 249 377 “ribus
264 317 354 369 Grecis
370 314 499 371 Poemata
517 311 719 379 combusserint,
738 314 927 390 imprimisque

154 407 172 431 ‘⁴
182 416 221 462 ea,
235 392 280 450 ubi
294 393 417 457 Amores,
436 405 527 465 turpes
540 393 624 447 Lusus
640 395 667 450 &
683 394 806 468 nequitie
822 396 925 450 Asnau-

77 492 89 505 ··
153 490 239 535 “tum
254 467 470 528 continebuntur.
498 470 588 545 Atque
609 469 646 526 ita
667 473 815 532 Menandri,
834 469 927 545 Dipln'·

151 553 208 616 “li,
226 548 379 626 Apollodori,
391 544 549 615 Philemonis,
565 549 658 604 Alexis
675 548 792 613 sabellos,
814 551 841 604 nr
860 561 924 623 Sap·

151 641 171 669 ‘⁶
177 623 250 707 pistis,
264 630 369 691 Erinne,
390 629 412 682 Α
424 627 451 681 Ν
464 629 485 683 Α
497 627 555 682 CR
565 628 620 682 EO
628 627 654 681 N
665 625 751 692 TIS,
769 630 929 692 Mimnermi,

152 717 170 743 ‘⁴
180 710 274 772 Bionis,
289 704 429 764 Alcmeonis,
441 703 519 760 Alsei
530 700 663 761 Carmina
673 706 837 763 intercidisse.
852 708 926 762 Tum

151 796 172 825 ⁴⁸
180 785 279 864 probis
291 783 429 841 substituta
437 783 606 840 nazianzem·
618 784 700 841 nostri
715 786 841 840 Poemata
851 808 858 848 ,-
869 800 927 857 qnae

153 875 171 898 ‘⁸
181 865 228 924 etsr
242 864 360 920 excitant
376 861 482 919 animos
503 862 658 920 nostrorum
677 862 821 919 hominurn
837 861 868 917 ad
882 862 930 918 fla·

153 950 171 981 ⁶·
181 943 349 1022 grantiorem
362 941 511 1017 Religionis
531 941 645 1002 cultum,
659 959 715 998 non
727 954 817 997 tamen
826 939 929 997 Verbo-

155 1029 173 1058 “
186 1040 247 1080 rum
262 1023 413 1078 Atticorum
425 1019 620 1095 proprietatem
641 1022 667 1077 n
687 1025 773 1074 Grace
784 1019 894 1093 Linguae
904 1037 932 1073 e-

152 1107 173 1139 ἰ
181 1099 444 1180 legantiamdocent.
454 1097 593 1173 'Turpiter
605 1097 714 1171 quidem
722 1091 879 1154 Sacerdotes
890 1096 929 1150 issi

155 1186 175 1212 ‘⁸
184 1181 211 1236 in
233 1182 343 1235 Veteres
355 1182 452 1232 Grecos
466 1175 589 1233 malevoli
608 1175 717 1232 fuerunt
725 1200 734 1240 3
757 1174 800 1230 sed
813 1174 933 1252 Integri-

156 1257 254 1321 ”tatis,
265 1255 405 1312 Probitatis
418 1253 602 1329 &Religionis
617 1256 769 1310 maximnm
782 1253 878 1309 dedere
889 1268 929 1306 te·

154 1344 172 1373 ·‘
182 1334 349 1391 stimonium.
389 1329 466 1388 Idem
482 1333 594 1388 testatur
614 1334 731 1389 Brodeus
743 1333 769 1387 in
796 1329 930 1386 Antholo·

157 1416 230 1492 giam
244 1411 292 1468 sol·
303 1430 365 1485 400.
386 1413 552 1466 Anacreontis
570 1410 644 1466 Musa
660 1408 931 1484 adhucduratsquod

157 1511 210 1570 ego
227 1489 323 1548 falsum
340 1488 391 1546 effe
407 1486 552 1554 existimor
576 1506 637 1543 nam
659 1488 782 1563 Ep'ffcopi
800 1490 827 1543 &
848 1489 932 1543 Patri·

157 1567 245 1627 arehae
260 1566 526 1642 constantinopolitani
539 1566 665 1623 dicuntur
684 1567 742 1639 jam
760 1565 863 1638 pridem
873 1567 932 1639 ejus

155 1649 238 1706 libros
254 1645 435 1703 combuffiiie·
453 1645 534 1713 Quod
551 1661 618 1701 noto
628 1645 659 1699 ad
675 1658 723 1699 snt
729 1661 796 1717 539.

113 1798 115 1802 ,
192 1727 329 1783 XXXIII.
347 1725 382 1780 Et
397 1723 560 1781 credendum
582 1721 654 1780 esset,
675 1721 787 1794 simplici
801 1720 930 1796 bonoque

157 1803 329 1862 zelofaoium
346 1801 399 1859 hoc
413 1800 448 1859 ab
465 1800 513 1858 illis
529 1801 650 1858 Patribus
665 1800 749 1859 fuisse,
770 1798 788 1854 si
805 1799 930 1855 Versibus

155 1881 204 1955 ipsr
220 1879 417 1938 conscribendis
443 1897 555 1954 operam
577 1898 632 1935 non
649 1878 792 1934 dedinent:
826 1884 929 1933 Verum

158 1976 245 2032 quum
266 1959 403 2030 Gregorius
425 1960 615 2014 Nazianzenus
640 1975 671 2012 ex
687 1956 765 2031 ipfius
785 1962 932 2012 Anacreon·

159 2036 352 2093 sisimitatione
360 2032 490 2107 plurimos
507 2032 604 2090 Versus
623 2033 765 2109 scripserit,
785 2034 931 2090 verendum

159 2115 206 2180 est,
227 2114 356 2170 Necnon
372 2111 444 2168 Dolo
453 2110 535 2177 malo,
551 2111 653 2188 levique
666 2116 692 2170 ὃ(
702 2109 933 2169 vanaAmbitione

159 2190 290 2250 iecerint,
309 2190 383 2267 quod
406 2208 454 2247 nec
477 2190 589 2247 Posteris
612 2191 793 2265 relinquerent
818 2189 934 2247 Eosdem

158 2269 314 2329 imitandos,
335 2287 403 2342 quos
416 2269 463 2345 ipss
476 2267 596 2326 lubenter
609 2269 690 2325 essent
698 2269 796 2326 imitati
806 2293 815 2335 ς
826 2267 935 2343 preses·

158 2350 211 2404 tim
225 2365 311 2424 quum
324 2364 380 2403 non
392 2365 492 2422 paucos
508 2348 535 2404 in
553 2366 648 2404 eorum
664 2346 768 2423 seriptis
780 2365 871 2404 noeros
889 2344 935 2402 of·

159 2425 311 2490 fendamus,
324 2423 419 2500 quibus
434 2425 461 2482 se
477 2424 554 2484 timul
569 2426 594 2481 in
611 2427 675 2482 Arte
689 2429 787 2483 Portica
801 2429 935 2484 &Gram-

159 2506 265 2569 marica,
280 2503 341 2561 satis
357 2505 497 2577 Imperitos
513 2503 687 2569 ostenderint,
710 2504 783 2582 quod
800 2503 834 2559 de
841 2499 938 2577 Synesto

159 2601 270 2659 quoque
287 2588 313 2641 ils
330 2583 479 2658 Apollinari,
500 2581 607 2658 aliisque
618 2582 778 2640 notandum.
801 2582 862 2637 Scio
876 2582 935 2655 qui·

159 2665 222 2719 dem
232 2664 348 2736 Magnos
363 2660 419 2718 illos
435 2660 512 2717 fuisse
525 2664 643 2719 Viros&
661 2661 687 2715 in
701 2659 814 2718 Ecclesia
824 2660 874 2715 Dei
881 2676 937 2715 non

160 2737 328 2802 incelebress
352 2751 380 2793 at
402 2738 454 2795 hoc
472 2738 580 2794 illorum
598 2737 738 2794 confiIinm
763 2736 937 2795 damnarunt.

158 2830 221 2873 ante
237 2834 289 2875 me,
307 2814 385 2873 multi
401 2815 502 2892 Magni,
522 2811 678 2890 Graecique
694 2813 762 2878 Viri,
774 2833 824 2870 nec
836 2813 885 2870 illis
898 2814 937 2870 ul·

161 2894 266 2951 larenus
284 2892 431 2952 inferiores,
448 2912 518 2967 quos
534 2894 602 2950 intes
614 2892 741 2950 omnium
749 2894 860 2951 Petrum
876 2892 932 2950 elo-

160 2968 348 3048 quentissrnrus
370 2972 404 3027 D.
415 2968 550 3045 Johannes
568 2969 766 3051 chrysostomum
786 2971 863 3045 cujus
879 2971 937 3028 lor·

162 3052 238 3108 tuisse
257 3048 402 3124 quidemin
420 3048 470 3106 hoc
491 3049 662 3125 persecutae
680 3049 811 3124 prImum‚
831 3049 937 3114 deinde,

160 3125 485 3189 Aniioriratidebemuss
504 3128 578 3204 quod
591 3146 647 3185 non
664 3139 740 3184 totus
757 3126 937 3205 Aristophanes

74 3242 90 3269 a
159 3207 256 3265 eodem
269 3206 351 3263 etiam
370 3220 497 3282 tempore
509 3206 627 3281 perierit·
641 3201 709 3281 Joh.
725 3206 829 3265 Albensi
847 3204 937 3261 Fabri·

159 3292 192 3342 rn'
209 3284 336 3342 Biblioth.
355 3286 443 3343 Grec·
451 3292 555 3362 pipo.
574 3284 767 3363 Vid.Ersripid.
779 3287 805 3364 §·
816 3286 938 3421 ΜΞ

208 3380 214 3388 .
852 3376 898 3439 gf
