1950 3726
151 215 521 287 Auncnrorrrrs
560 217 704 288 ViTn.
757 219 840 302 xxiii

52 334 144 393 laniur
163 335 192 393 in
211 334 323 410 Corripis
344 331 436 413 Elyssr'r.
468 355 479 393 r
501 336 586 394 Tom.
602 334 710 415 Dialog.
735 353 781 395 iv·

11 426 16 437 '
89 412 172 487 Arist·
193 416 289 491 Egone
307 427 464 488 uuquamut
482 416 603 480 credam,
622 417 835 474 versificatorem

54 487 71 511 '³
87 491 173 550 ullum
193 491 288 549 nusum
308 491 369 556 esse,
395 491 421 548 se
443 490 567 551 conferre
585 512 649 551 cum
670 494 835 573 Philosopho

59 564 72 587 '’
88 572 142 628 mei
162 569 293 628 Nominis
324 569 479 627 &Famaei

94 654 191 705 Anacr.
215 650 234 674 ''
243 650 286 703 Tu
297 650 405 723 quidem
419 667 519 706 nomen
535 649 689 725 Philosophi
701 651 762 709 satis
778 651 831 711 alte

59 720 74 745 ”
90 726 264 799 depraedicas:
290 726 336 782 Ast
349 746 403 805 ego
419 746 484 784 curn
498 730 564 785 meis
579 728 829 787 Verfislcationibus

61 798 78 825 ²’
97 803 264 863 nihilominus
277 806 392 873 obtinui,
408 810 510 880 Sapiens
530 808 667 865 Anacreon
682 810 782 864 vocari.
797 810 833 866 Et

66 873 83 901 '’
102 881 167 939 milri
185 883 307 949 ridetur,
335 885 409 961 quod
434 883 571 961 Philosophi
595 886 688 943 titulus
713 887 830 943 minime

64 954 80 977 ''
99 960 262 1035 oequipolleat
276 960 312 1017 illi
331 966 467 1038 Sapientis.

94 1036 174 1112 Arist.
190 1038 266 1106 ’'slli,
282 1040 329 1116 qui
349 1040 418 1097 hanc
438 1041 486 1096 tibi
511 1040 679 1108 Qualitntem
699 1042 834 1101 donarunt

59 1111 75 1138 ”
91 1115 402 1183 nonsatiradverteruut,
422 1117 487 1195 quid
503 1118 632 1175 dicerent.
670 1120 742 1191 Quid
750 1122 835 1179 enim.

62 1192 189 1271 ''quaesm
213 1196 298 1254 fecilli
323 1215 453 1274 unquam,
477 1210 526 1254 aut
551 1195 649 1262 dixisti,
674 1218 732 1275 quo
759 1197 833 1256 illam

64 1268 80 1295 ''
95 1277 226 1332 mereres?

95 1357 194 1409 Aaacr.
207 1350 308 1409 ”Nihil
322 1353 431 1429 quidem
444 1352 513 1411 aliud
528 1372 580 1430 ego
597 1372 643 1409 me
659 1354 747 1412 fecisse
766 1354 833 1414 fate·

61 1424 76 1449 ”
91 1448 132 1495 or.
148 1449 233 1505 quam
261 1438 361 1498 Patare,
380 1439 487 1498 canere,
507 1437 534 1490 δι
555 1430 693 1488 amoribus
723 1451 832 1499 vacare3

59 1502 74 1526 ”
92 1508 250 1583 mirarisque
256 1506 309 1565 hoc
323 1509 411 1584 pretio
427 1509 493 1566 milri
504 1512 624 1581 Sapientis
632 1527 733 1566 nomen
747 1510 832 1567 dona·

60 1579 75 1603 '⁰
92 1598 169 1651 tumr
187 1604 273 1660 quum
288 1586 337 1643 tilri
354 1589 398 1643 vix
413 1588 521 1643 tandem
541 1586 603 1642 illud
624 1585 835 1662 Philosophum·

60 1656 77 1681 '³
90 1662 227 1725 cesserint,
245 1664 319 1736 quod
333 1676 425 1719 tamen
441 1681 491 1719 nec
510 1662 563 1717 sine
581 1660 713 1719 laboribus
726 1664 837 1722 infinitis

57 1734 73 1757 ’'
90 1738 277 1812 conquisrvisti
293 1739 435 1808 Quantum
457 1737 531 1794 enim
550 1737 744 1795 nosturnnrum
766 1740 854 1795 lucun

53 1811 69 1837 ''
89 1816 251 1871 brationum
275 1812 428 1886 permensus
447 1832 484 1879 es,
507 1826 536 1869 ut
557 1810 674 1887 spinosae
694 1813 838 1874 Dialaslira

57 1888 72 1915 ²'
89 1891 253 1969 questiones
266 1891 435 1950 dissolveres?
459 1892 599 1961 Quintum
625 1892 690 1948 item
711 1892 837 1951 Volumi-

58 1964 76 1995 ''
99 1988 168 2028 num
198 1987 296 2045 corpus
317 1970 519 2047 compaginatis,
540 1970 574 2027 de
595 1966 673 2029 rebus
701 1970 835 2039 obscurisr

57 2041 77 2069 '’
92 2065 151 2124 quae
166 2066 217 2104 nec
234 2062 263 2105 tu
279 2049 390 2124 quidem
409 2046 463 2124 ipse
476 2047 564 2106 forsan
580 2045 642 2104 satis
662 2047 836 2108 intellexeris?

97 2125 177 2200 Arist.
188 2125 254 2183 '’Tu
273 2126 371 2184 scilicet
390 2126 551 2185 Methodum
573 2126 665 2202 cepisti
680 2131 836 2187 commodi·

63 2202 79 2227 ’¹
96 2224 181 2271 orem,
200 2222 252 2281 qua
270 2204 304 2261 ad
324 2208 480 2281 Sapientiam
498 2205 658 2282 pervenires.
679 2206 739 2263 Nec
752 2207 834 2265 ullam

63 2277 79 2302 ’'
97 2300 161 2356 puro
179 2281 332 2340 Machinnm
344 2285 451 2358 reperiri
465 2284 538 2360 posse
553 2284 639 2359 magis
653 2282 785 2342 idoneam.
800 2286 834 2343 ad

65 2358 79 2381 '³
95 2360 217 2417 Gloriam
236 2361 436 2437 acquirendam,
456 2380 540 2438 quam
560 2362 672 2417 Cithara
688 2360 729 2419 illa
744 2374 790 2421 tua
805 2367 834 2421 dt

65 2432 80 2459 ''
97 2437 218 2515 cyathus.
254 2440 349 2509 Quum
374 2442 467 2517 magni
495 2439 618 2497 homines
637 2438 757 2515 pluribus
783 2440 836 2498 suin

62 2514 78 2538 '³
96 2518 201 2593 Vigiliis
220 2520 247 2575 δι
267 2513 369 2575 Studiis
388 2517 503 2575 minime
521 2516 572 2573 smt
591 2535 651 2571 eam
670 2518 816 2573 consecuti·

98 2600 196 2654 Anacr.
213 2591 284 2657 ”Tu
299 2595 408 2670 quidem
424 2594 515 2671 Jocari
530 2608 583 2668 prae
599 2604 626 2648 te
641 2591 708 2650 sers:
720 2592 767 2648 risi
783 2610 836 2701 epo

61 2670 138 2730 ”hoc
154 2673 182 2729 in
198 2691 242 2730 me
263 2672 374 2750 recipio,
400 2672 483 2743 Quod
504 2670 590 2748 magis
614 2668 696 2726 fuerit
711 2669 836 2740 Difficire,

61 2750 77 2772 '’
96 2757 189 2808 Patare
201 2756 344 2819 &Canem
364 2750 596 2827 quemadmodum
613 2767 676 2826 ego,
695 2748 837 2819 Canobum,

61 2824 79 2851 '’
98 2843 179 2905 atque
199 2829 332 2891 Putabam,
346 2848 428 2908 quam
451 2828 625 2902 Philammon
643 2829 783 2905 quomodo
802 2846 834 2889 ru

61 2904 80 2929 ’¹
99 2906 290 2984 Philosophatus
304 2929 340 2967 es.
378 2909 420 2964 Ita
438 2910 509 2965 enim
526 2912 624 2963 Caram
638 2922 717 2984 arque
736 2919 835 2970 Patare,

18 3034 23 3045 .
61 2983 77 3009 ''
94 2985 239 3045 iddemum
257 2987 356 3045 necesse
370 2999 434 3050 erat,
446 2986 525 3063 siquis
540 3004 603 3043 meo
624 3004 702 3043 more
723 2984 779 3043 lraec
794 2987 834 3042 fa-

63 3061 78 3085 ''
102 3082 162 3122 cere
182 3064 256 3132 velit,
275 3080 304 3122 ut
318 3063 445 3122 omnibus
461 3064 584 3121 violentis
597 3060 836 3120 Passionibussrtil-

59 3136 73 3162 '¹
89 3140 138 3200 lius
169 3140 274 3201 Anima
286 3142 382 3210 libera,
406 3162 441 3201 ne
458 3155 559 3219 querat
577 3140 701 3277 amplius,
713 3140 793 3215 .quod
806 3141 833 3195 in

60 3216 174 3299 {uobis
192 3240 248 3283 nou
267 3221 299 3282 srt
318 3221 416 3293 situum
444 3237 472 3281 at
490 3221 595 3300 semper
623 3232 645 3279 rt
663 3230 780 3354 pppppus.
794 3217 834 3272 ira

691 3354 710 3377 ι
742 3312 842 3374 empus
